
@book{mc,
  author={W. E. Lorensen, H. E. Cline.},
  year={1987},
  title={Marching cubes: A highresolution 3d surface construction algorithm. In Computer Graphics (Proceedings of SIGGRAPH 87)},
}

@INPROCEEDINGS {marching_tetrahedra,
author = {M. Wehle and H. MГјller},
booktitle = {Dagstuhl '97 - Scientific Visualization Conference},
title = {Visualization of Implicit Surfaces Using Adaptive Tetrahedrizations},
year = {1997},
volume = {},
issn = {},
pages = {243},
keywords = {},
doi = {10.1109/DAGSTUHL.1997.10005},
url = {https://doi.ieeecomputersociety.org/10.1109/DAGSTUHL.1997.10005},
publisher = {IEEE Computer Society},
address = {Los Alamitos, CA, USA},
month = {jun}
}

@misc{dualcontouring,
	title="T. Ju, F. Losasso, S. Schaefer, J. Warren. Dual Contouring of Hermite Data [Электронный ресурс]",
	howpublished="Режим доступа: \url{https://www.cs.rice.edu/~jwarren/papers/dualcontour.pdf} дата обращения: 16.11.2021)"
}

@misc{dmc,
	title="S. Schaefer, J. Warren. Dual Marching Cubes: Primal Contouring of Dual Grids [Электронный ресурс]",
	howpublished="Режим доступа: \url{https://www.cs.rice.edu/~jwarren/papers/dmc.pdf} дата обращения: 16.11.2021)"
}

@misc{rojers,
    title="Д. Роджерс, Дж. Адамас. Математические основы машинной графики [Текст]. 2001."
}

@misc{qt,
    title="Qt | Cross-platform software development for embedded & desktop [Электронный ресурс]",
    howpublished="Режим доступа: \url{https://www.qt.io} дата обращения: 16.11.2021"
}

@misc{qtcreator,
    title="qt-creator/qt-creator: A cross-platform Qt IDE [Электронный ресурс]",
    howpublished="Режим доступа: \url{https://github.com/qt-creator/qt-creator} дата обращения: 16.11.2021"
}

@misc{qt4x,
    title="Index of /archive/qt/4.8/4.8.4 [Электронный ресурс]",
    howpublished="Режим доступа: \url{https://download.qt.io/archive/qt/4.8/4.8.4/} дата обращения: 16.11.2021"
}

@misc{file_oqvis,
    title="The OpenQVis Project at sourceforge.net [Электронный ресурс]",
    howpublished="Режим доступа: \url{http://openqvis.sourceforge.net/docu/fileformat.html} дата обращения: 16.11.2021"
}

@misc{file_stl,
    title="The StL Format | fabbers.com [Электронный ресурс]",
    howpublished="Режим доступа: \url{http://www.fabbers.com/tech/STL_Format} дата обращения: 16.11.2021"
}

@misc{libeigen,
    title="Eigen [Электронный ресурс]",
    howpublished="Режим доступа: \url{http://eigen.tuxfamily.org} дата обращения: 16.11.2021"
}

@misc{libfmt,
    title="Overview — fmt 8.0.1 documentation [Электронный ресурс]",
    howpublished="Режим доступа: \url{https://fmt.dev} дата обращения: 16.11.2021"
}

@misc{openmp,
    title="Home - OpenMP [Электронный ресурс]",
    howpublished="Режим доступа: \url{https://www.openmp.org/} дата обращения: 16.11.2021"
}